<?xml version="1.0" encoding="UTF-8"?>
<record xmlns="http://www.loc.gov/MARC21/slim">
  <leader>02471ntm a22003137a 4500</leader>
  <controlfield tag="001">3501898</controlfield>
  <controlfield tag="005">20100408221700.0</controlfield>
  <controlfield tag="008">090115s1863    xx            000 i eng d</controlfield>
  <datafield tag="033" ind1="0" ind2="0">
    <subfield code="a">18630707</subfield>
  </datafield>
  <datafield tag="035" ind1=" " ind2=" ">
    <subfield code="a">3501898</subfield>
  </datafield>
  <datafield tag="040" ind1=" " ind2=" ">
    <subfield code="a">BRL</subfield>
  </datafield>
  <datafield tag="099" ind1=" " ind2=" ">
    <subfield code="a">Ms.A.9.2 v.31, p.72</subfield>
  </datafield>
  <datafield tag="100" ind1="1" ind2=" ">
    <subfield code="a">Hesse, Augustus,</subfield>
    <subfield code="d">d. 1867.</subfield>
  </datafield>
  <datafield tag="245" ind1="1" ind2="0">
    <subfield code="a">[Letter to] Miss Deborah Weston</subfield>
    <subfield code="h">[manuscript].</subfield>
  </datafield>
  <datafield tag="260" ind1=" " ind2=" ">
    <subfield code="a">Hospitall [sic], Reserve Artillery on the Baltimore Turnpike rear, five m[i]l[es] of Gettysburg, Pa.,</subfield>
    <subfield code="c">July 7th, 1863.</subfield>
  </datafield>
  <datafield tag="300" ind1=" " ind2=" ">
    <subfield code="a">1 leaf (2 p.) ;</subfield>
    <subfield code="c">12 x 7 5/8 in.</subfield>
  </datafield>
  <datafield tag="500" ind1=" " ind2=" ">
    <subfield code="a">Holograph.</subfield>
  </datafield>
  <datafield tag="500" ind1=" " ind2=" ">
    <subfield code="a">Augustus Hesse wants to tell Mrs. Weston and all of them about the great battle near Gettysburg. Hesse&apos;s battery was all cut up. He said: &quot;I felt so bad that I could crye [sic] seeing our Horses all shot down we had so splendit [sic] Horses.&quot; He recounts the events: &quot;The Reserve Artillery was called for---our Battery the 9th Mass. went in high Spirits. ...The Battle line was in a Shape of a Horse Shoe. We on the extreme left.&quot; He describes the rebel advance under Longstreet and how &quot;they fought like Tigers.&quot; The infantry gave way, but the 9th Mass. Battery showed their brains and nerves. Just when the rebels rushed on the guns, the Battery had no more ammunition left, and they were outflanked. Hesse reports that &quot;the Order was now giving [given] to leave---but where were our Horses?&quot; Hesse explains what happened to him since the time he was shot: &quot;My last two Horses got shot down as I had limbered up---they had me Prisoner---but they got to work trying to get the guns of[f] so I run to the other side [of] the house. My shirt &amp; Pants was all over with blood and I got weak and dropped down.&quot; Hesse was carried by ambulance to the third corps hospital. He tells of lying in the woods the first two days. The doctors were busy taking off legs and arms. The hospital looked like a butcher shop.</subfield>
  </datafield>
  <datafield tag="600" ind1="1" ind2="0">
    <subfield code="a">Weston, Deborah,</subfield>
    <subfield code="d">b. 1814</subfield>
    <subfield code="v">Correspondence.</subfield>
  </datafield>
  <datafield tag="600" ind1="1" ind2="0">
    <subfield code="a">Hesse, Augustus,</subfield>
    <subfield code="d">d. 1867</subfield>
    <subfield code="v">Correspondence.</subfield>
  </datafield>
  <datafield tag="650" ind1=" " ind2="0">
    <subfield code="a">Gettysburg, Battle of, Gettysburg, Pa., 1863.</subfield>
  </datafield>
  <datafield tag="650" ind1=" " ind2="0">
    <subfield code="a">Antislavery movements</subfield>
    <subfield code="z">United States</subfield>
    <subfield code="x">History</subfield>
    <subfield code="y">19th century.</subfield>
  </datafield>
  <datafield tag="650" ind1=" " ind2="0">
    <subfield code="a">Women abolitionists</subfield>
    <subfield code="z">Massachusetts</subfield>
    <subfield code="z">Boston</subfield>
    <subfield code="y">19th century</subfield>
    <subfield code="v">Correspondence.</subfield>
  </datafield>
  <datafield tag="651" ind1=" " ind2="0">
    <subfield code="a">United States</subfield>
    <subfield code="x">History</subfield>
    <subfield code="y">Civil War, 1861-1865.</subfield>
  </datafield>
  <datafield tag="655" ind1=" " ind2="0">
    <subfield code="a">Letters.</subfield>
  </datafield>
  <datafield tag="655" ind1=" " ind2="0">
    <subfield code="a">Manuscripts.</subfield>
  </datafield>
  <datafield tag="700" ind1="1" ind2=" ">
    <subfield code="a">Weston, Deborah,</subfield>
    <subfield code="d">b.1814</subfield>
    <subfield code="e">recipient.</subfield>
  </datafield>
  <datafield tag="830" ind1=" " ind2="0">
    <subfield code="a">Deborah Weston Correspondence (1830-1879)</subfield>
  </datafield>
  <datafield tag="999" ind1=" " ind2=" ">
    <subfield code="a">shots: 2</subfield>
  </datafield>
</record>
